%@book{lay2003linear,
 % title={Linear Algebra and Its Applications},
  %author={Lay, D.C.},
  %isbn={9788177583335},
 % url={https://books.google.com.ar/books?id=v8Zls26Y0wkC},
  %year={2003},
  %publisher={Pearson Education}
%}
@book{lay2007algebra,
  title={Algebra Lineal Y Sus Aplicaciones},
  author={Lay, D.C. and Murrieta, J.E.M.},
  isbn={9789702609063},
  series={{\'A}rea: Matem{\'a}ticas},
  url={https://books.google.com.ar/books?id=lTIVrKT9CMIC},
  year={2007},
  publisher={Pearson Educaci{\'o}n}
}

@book{lang1990introducción,
  title={Introducci{\'o}n al {\'a}lgebra lineal},
  author={Lang, Serge},
  isbn={9780201629125},
  url={https://books.google.com.ar/books?id=NBqnAAAACAAJ},
  year={1990},
  publisher={Addison-Wesley Iberoamericana}
}



@book{HAnton,
    title = {Introducción al Álgebra lineal },
    author = {Howard Anton},
    publisher = {Ed. Limusa},
    address = {},
    month = {},
    year = {2003},
    edition = {},
}



@book{Grossman,
    title = {Álgebra Lineal },
    author = {Stanley I. Grossman},
    publisher = { McGraw-Hill},
    address = {},
    month = {},
    year = {2008},
    edition = {},
}

Ejemplos básicos de álgebra lineal con python
https://www.redalyc.org/journal/6079/607963609005/html/


