%%%%%%%%%%%%%%%%%%%%%%%%%%%%%%%%%%%%%%%%%%%%%%%%%%%%%%%%%%%%%%%%%%%%%%%
% How to manage your references
%
% Decide what format this reference best fits into.
% i.e. Is it a book? A website? A news article? Conference proceedings? A journal article?
%
% Copy the correct format and replace the sample data with your reference's information
%
% Decide on the way to structure the keywords by which you cite these references, the part inside \cite{keywordHere}. I like to use the first author's name and the year. This is generally unique. Is citing lots of articles by the same set of authors the addition of a number or month could work well. Referencing tools may generate a unique number for each reference (such as 2649387-777), these are hard to remember I find, whereas the author's name and year helps you to recall what you are citing.
% i.e. lantair2019 or surnameThisyear
%
% Tips : Capitalisation in titles may be done by surrounding those letters to be upper case in {}, {T}itles {L}ook {N}ice {W}ith {C}apitals
%        Each author's name needs to be separated with the word and
%        More data is better than too little data
%        A reference per key point is decent
%        You're probably looking for ten quality, recent references for an ILM submission
%
%%%%%%%%%%%%%%%%%%%%%%%%%%%%%%%%%%%%%%%%%%%%%%%%%%%%%%




@book{hernandez,
    title = {Álgebra y Geometría},
    author = {Hernández, Eugenio},
    isbn = {},
    year = {1994},
    publisher = { Addison Wesley-Universidad Autónoma de Madrid},
    url = {},
}

%K. Hoffman, R. Kunze, Algebra Lineal, Madrid, Prentice Hall International, 1961. 

@book{hoffman,
    title = {Introduction to Linear Algebra},
    author = {K. Hoffman, R. Kunze},
    isbn = {},
    year = {1961},
    publisher = {Wellesley-Cambridge Press},
    url = {},
}
@book{strang,
    title = {Introduction to Linear Algebra},
    author = {Strang, Gilbert},
    isbn = {9780980232776},
    year = {2016},
    publisher = {Wellesley-Cambridge Press},
    url = {/bib/strang/strang2016introduction/Gilbert%20Strang%20-%20Introduction%20to%20Linear%20Algebra,%20Fifth%20Edition%20(2016,%20Wellesley-Cambridge%20Press)%20-%20libgen.li.pdf},
}

@book{grossman,
    title = {Álgebra Lineal},
    author = {Grossman, S.I. },
    isbn = {},
    year = {2008},
    publisher = { McGraw-Hill},
    url = {},
}








@book{lavanguardia,
  title={https://www.lavanguardia.com/cultura/20210520/7467794/
  
  bagdad-matematico-persa}
  %-fibonacci-algoritmo-algebra-cero-%guarismo.html).},
  author={},
  isbn={},
  series={},
  url={https://www.lavanguardia.com/cultura/20210520/7467794/bagdad-matematico-persa-fibonacci-algoritmo-algebra-cero-%guarismo.html).},
  year={2021},
  publisher={}
}
% book for referencing books (physical or digital copies)







% The number field used here is known as the issue for journals

%https://www.lavanguardia.com/cultura/20210520/7467794/bagdad-matematico-persa-fibonacci-algoritmo-algebra-cero-%guarismo.html).]
@book{Smith:2021qr,
	title = {{B}ook {T}itle},
	publisher = {Publisher},
	author = {Smith, J.~M. and Jones, A.~B.},
	year = {2021},
	edition = {7th},
}

@article{Smith:2022jd,
	author = {Jones, A.~B. and Smith, J.~M.},
	title = {{A}rticle {T}itle},
	journal = {Journal title},
	year = {2022},
	volume = {13},
	pages = {123-456},
	number = {52},
	month = {3},
	publisher = {Publisher},
	doi = {10.1038/s41586-021-03616-x},
}


%Ajustes del modelo SIR a los datos iniciales de la pandemia del COVID-19 en Argentina. Autores: V. %Vampa, M. V. Calandra y J. García Clúa. Aceptado para ser publicado en la Revista Ciencia y %Tecnología. Facultad de Ingeniería, Universidad de Palermo. Junio de 2022.
%Clúa, J. G. G., Vampa, V., & Calandra, M. V. (2022). Ajustes del modelo SIR a los datos iniciales de %la pandemia del COVID-19 en Argentina. Ciencia y Tecnología, 21-36.

%DOI: https://doi.org/10.18682/cyt.vi22.5377

@article{covid,
	author = {Vampa V. et al.},
	title = {Ajustes del modelo SIR a los datos iniciales de la pandemia del COVID-19 en Argentina},
	journal = { Revista Ciencia y Tecnología. Facultad de Ingeniería, Universidad de Palermo},
	year = {2022},
	volume = {},
	pages = {21-36},
	number = {},
	month = {},
	publisher = {Publisher},
	doi = {10.18682/cyt.vi22.5377},
}




% LIBROS DE TENSORES

@book{chaves,
    title = {Mecánica del Medio Continuo. Conceptos básicos-3ª Edición},
    author = {Eduardo W. V. Chaves},
    isbn = {978-84-96736-38-2},
    year = {2012},
    publisher = {CIMNE},
    url = {},
}




@book{spain,
  title={CÁLCULO TENSORIAL},
  author={Barry Spain},
  isbn={},
  series={},
  url={},
  year={1952},
  publisher={Editorial DOSSAT, Madrid-Buenos Aires}
}
@book{santalo,
  title={VECTORES Y TENSORES},
  author={Luis A. Santaló},
  isbn={},
  series={},
  url={},
  year={1973},
  publisher={EUDEBA. Buenos Aires.}
}

@book{itskov,
  title={Tensor Algebra and Tensor Analysis for Engineers: With Applications to Continuum Mechanics},
  author={ Mikhail Itskov},
  isbn={9783642308796},
  series={Mathematical Engineering},
  url={},
  year={2012},
  publisher={Springer Berlin Heidelberg}
}
% chapter 4 
@book{lay2003linear,
  title={Linear Algebra and Its Applications},
  author={Lay, D.C.},
  isbn={9788177583335},
  url={https://books.google.com.ar/books?id=v8Zls26Y0wkC},
  year={2003},
  publisher={Pearson Education}
}
@book{lay2007algebra,
  title={Algebra Lineal Y Sus Aplicaciones},
  author={Lay, D.C. and Murrieta, J.E.M.},
  isbn={9789702609063},
  series={{\'A}rea: Matem{\'a}ticas},
  url={https://books.google.com.ar/books?id=lTIVrKT9CMIC},
  year={2007},
  publisher={Pearson Educaci{\'o}n}
}
@book{lang1990introducción,
  title={Introducci{\'o}n al {\'a}lgebra lineal},
  author={Lang, Serge},
  isbn={9780201629125},
  url={https://books.google.com.ar/books?id=NBqnAAAACAAJ},
  year={1990},
  publisher={Addison-Wesley Iberoamericana}
}



@book{HAnton,
    title = {Elementary Linear Algebra Applications },
    author = {Howard Anton},
    publisher = {John Wiley & Sons Ltd.},
    address = {},
    month = {},
    year = {1994},
    edition = {7ª edición},
}

%Alicia Dickenstein. (s.f.). En Wikipedia. Recuperado el 04 de mayo de 2019 de %https://es.wikipedia.org/wiki/Alicia_Dickenstein




%https://es.wikipedia.org/wiki/V%C3%ADktor_Buniakovski

@inbook{buny,
   editor = "",
   title = "Viktor Buniakovski. (s.f.). En Wikipedia. Recuperado el 15 de abril de 2023 de https://es.wikipedia.org/wiki/Viktor Buniakovskiy",
   booktitle = "Wikip\'edia: la enciclopedia libre",
   año="2023",
   url = "",
   urlaccessdate="15 de abril de 2023"
 }

%https://es.wikipedia.org/wiki/Luis_Caffarelli

@inbook{LuisC,
   editor = "",
   title = "Luis Caffarelli. (s.f.). En Wikipedia. Recuperado el 15 de abril de 2023 de https://es.wikipedia.org/wiki/Luis Caffarelli",
   booktitle = "Wikip\'edia: la enciclopedia libre",
   año="2023",
   url = "",
   urlaccessdate="15 de abril de 2023"
 }




 @inbook{Cauchy,
   editor = "",
   title = "Augustin Louis Cauchy. (s.f.). En Wikipedia. Recuperado el 15 de abril de 2023 de https://es.wikipedia.org/wiki/Augustin Louis Cauchy",
   booktitle = "Wikip\'edia: la enciclopedia libre",
   año="2023",
   url = "\url{https://es.wikipedia.org/wiki/Augustin Louis Cauchy}",
   urlaccessdate="15 de abril de 2023"
 }


@inbook{cayley,
   editor = "",
   title = "Arthur Cayley. (s.f.). En Wikipedia. Recuperado el 15 de abril de 2023 de https://es.wikipedia.org/wiki/Arthur Cayley",
   booktitle = "Wikip\'edia: la enciclopedia libre",
   año="2023",
   url = "",
   urlaccessdate="15 de abril de 2023"
 }


%https://es.wikipedia.org/wiki/Arthur_Cayley


@inbook{AliDick,
   editor = "",
   title = "Alicia Dickenstein. (s.f.). En Wikipedia. Recuperado el 15 de abril de 2023 de https://es.wikipedia.org/wiki/Alicia Dickenstein",
   booktitle = "Wikip\'edia: la enciclopedia libre",
   año="2023",
   url = "",
   urlaccessdate="15 de abril de 2023"
 }

%https://es.wikipedia.org/wiki/Joseph_Fourier

@inbook{fourier,
   editor = "",
   title = "Joseph Fourier. (s.f.). En Wikipedia. Recuperado el 15 de abril de 2023 de https://es.wikipedia.org/wiki/Joseph_Fourier",
   booktitle = "Wikip\'edia: la enciclopedia libre",
   año="2023",
   url = "",
   urlaccessdate="15 de abril de 2023"
 }

%https://es.wikipedia.org/wiki/Gabriela_Gonz%C3%A1lez



@inbook{GabG,
   editor = "",
   title = "Gabriela Gonzalez. (s.f.). En Wikipedia. Recuperado el 15 de abril de 2023 de https://es.wikipedia.org/wiki/Gabriela Gonzalez",
   booktitle = "Wikip\'edia: la enciclopedia libre",
   año="2023",
   url = "",
   urlaccessdate="15 de abril de 2023"
 }
%https://es.wikipedia.org/wiki/Carl_Friedrich_Gauss


@inbook{gauss,
   editor = "",
   title = "Carl Friedrich Gauss. (s.f.). En Wikipedia. Recuperado el 15 de abril de 2023 de https://es.wikipedia.org/wiki/Carl Friedrich Gauss",
   booktitle = "Wikip\'edia: la enciclopedia libre",
   año="2023",
   url = "",
   urlaccessdate="15 de abril de 2023"
 }





%https://es.wikipedia.org/wiki/Alfr%C3%A9d_Haar

@inbook{haar,
   editor = "",
   title = "Alfred Haar. (s.f.). En Wikipedia. Recuperado el 15 de abril de 2023 de https://es.wikipedia.org/wiki/Alfred Haar",
   booktitle = "Wikip\'edia: la enciclopedia libre",
   año="2023",
   url = "",
   urlaccessdate="15 de abril de 2023"
 }

%https://es.wikipedia.org/wiki/Ingrid_Daubechies



@inbook{IngridD,
   editor = "",
   title = "Ingrid Daubechies. (s.f.). En Wikipedia. Recuperado el 15 de abril de 2023 de https://es.wikipedia.org/wiki/Ingrid Daubechies",
   booktitle = "Wikip\'edia: la enciclopedia libre",
   año="2023",
   url = "",
   urlaccessdate="15 de abril de 2023"
 }

%https://es.wikipedia.org/wiki/Tullio_Levi-Civita

@inbook{levi,
   editor = "",
   title ="Tullio Levi Civita. (s.f.). En Wikipedia. Recuperado el 15 de abril de 2023 de https://es.wikipedia.org/wiki/Tullio Levi-Civita",
   booktitle = "Wikip\'edia: la enciclopedia libre",
   año="2023",
   url = "",
   urlaccessdate="15 de abril de 2023"
 }

%https://sv.wikipedia.org/wiki/Ariel_Goobar

@inbook{goobar,
   editor = "",
   title = "Ariel Goobar. (s.f.). En Wikipedia. Recuperado el 15 de abril de 2023 de https://sv.wikipedia.org/wiki/Ariel Goobar",
   booktitle = "Wikip\'edia: la enciclopedia libre",
   año="2023",
   url = "",
   urlaccessdate="15 de abril de 2023"
 }






 %https://es.wikipedia.org/wiki/Gilbert_Strang
@inbook{gstrang,
   editor = "",
   title = "Gilbert Strang. (s.f.). En Wikipedia. Recuperado el 15 de abril de 2023 de https://es.wikipedia.org/wiki/Gilbert Strang",
   booktitle = "Wikip\'edia: la enciclopedia libre",
   año="2023",
   url = "",
   urlaccessdate="15 de abril de 2023"
 }

%https://es.wikipedia.org/wiki/William_Rowan_Hamilton

@inbook{hamilton,
   editor = "",
   title ="William Rowan Hamilton. (s.f.). En Wikipedia. Recuperado el 15 de abril de 2023 de https://es.wikipedia.org/wiki/William Rowan Hamilton",
   booktitle = "Wikip\'edia: la enciclopedia libre",
   año="2023",
   url = "",
   urlaccessdate="15 de abril de 2023"
 }



%https://es.wikipedia.org/wiki/Camille_Jordan

@inbook{jordan,
   editor = "",
   title = "Camille Jordan. (s.f.). En Wikipedia. Recuperado el 15 de abril de 2023 de https://es.wikipedia.org/wiki/Camille Jordan",
   booktitle = "Wikip\'edia: la enciclopedia libre",
   año="2023",
   url = "",
   urlaccessdate="15 de abril de 2023"
 }

%https://es.wikipedia.org/wiki/Juan_Mart%C3%ADn_Maldacena
@inbook{Malda,
   editor = "",
   title = "Juan Martin Maldacena. (s.f.). En Wikipedia. Recuperado el 15 de abril de 2023 de https://es.wikipedia.org/wiki/Juan Martin Maldacena",
   booktitle = "Wikip\'edia: la enciclopedia libre",
   año="2023",
   url = "",
   urlaccessdate="15 de abril de 2023"
 }


@inbook{schwarz,
   editor = "",
   title = "Karl Herman Amandus Schwartz. (s.f.). En Wikipedia. Recuperado el 15 de abril de 2023 de https://es.wikipedia.org/wiki/Hermann Schwarz",
   booktitle = "Wikip\'edia: la enciclopedia libre",
   año="2023",
   url = "",
   urlaccessdate="15 de abril de 2023"
 }